<?xml version="1.0" encoding="UTF-8"?><collection xmlns="http://www.loc.gov/MARC21/slim"><record><leader>00693nam--2200217-u-4500</leader><controlfield tag="001">000053018</controlfield><controlfield tag="002">20161230</controlfield><controlfield tag="005">20161230201050</controlfield><controlfield tag="008">110103s1000------------r-----000-0-eng-d</controlfield><datafield ind1=" " ind2=" " tag="020"><subfield code="a">0819431389</subfield></datafield><datafield ind1=" " ind2=" " tag="040"><subfield code="a">IFIN-HH</subfield></datafield><datafield ind1=" " ind2=" " tag="080"><subfield code="a">543.422.4:681.14</subfield></datafield><datafield ind1="1" ind2=" " tag="100"><subfield code="a">Kaplan, Herbert</subfield></datafield><datafield ind1="1" ind2="0" tag="245"><subfield code="a">Practical applications of infrared tehrmal sensing and imaging equipment</subfield><subfield code="c">Herbert kaplan</subfield></datafield><datafield ind1=" " ind2=" " tag="250"><subfield code="a">Second Edition</subfield></datafield><datafield ind1=" " ind2=" " tag="260"><subfield code="a">Bellingham, Washington</subfield><subfield code="b">Sipie - The International Society For Optical Engineering</subfield><subfield code="c">1999</subfield></datafield><datafield ind1=" " ind2=" " tag="300"><subfield code="a">163 P</subfield></datafield><datafield ind1=" " ind2=" " tag="490"><subfield code="a">Tutorial Texts In Optical Engineering</subfield><subfield code="v">V. Tt34</subfield></datafield><datafield ind1=" " ind2="4" tag="650"><subfield code="a">Infrared Equipment</subfield></datafield><datafield ind1=" " ind2=" " tag="852"><subfield code="a">81147</subfield><subfield code="c">535.33</subfield></datafield><datafield ind1=" " ind2=" " tag="CAT"><subfield code="a">Sys</subfield><subfield code="c">20110103</subfield><subfield code="h">093625</subfield></datafield></record></collection>